@article{henglein09jlap,
author = {Henglein, Fritz and Larsen, Ken Friis and Simonsen, Jakob Grue and Stefansen, Christian},
title = {{POETS: Process-oriented event-driven transaction systems}},
journal = {Journal of Logic and Algebraic Programming},
year = {2009},
volume = {78},
number = {5},
pages = {381--401},
month = may
}

@manual{marlow10haskell,
title = {{Haskell 2010 Language Report}},
author = {Marlow, Simon},
year = {2010}
}

@article{wadler92mscs,
author = {Wadler, Philip},
journal = {Mathematical Structures in Computer Science},
number = {04},
pages = {461--493},
title = {{Comprehending monads}},
volume = {2},
year = {1992}
}

@inproceedings{nissen07ifl,
author = {Nissen, Michael and Larsen, Ken Friis},
booktitle = {Implementation and Application of Functional Languages, 19th International Symposium, IFL 2007},
editor = {Chitil, Olaf},
pages = {268--289},
title = {{FunSETL --- Functional Reporting for ERP Systems}},
year = {2007}
}

@book{pierce02book,
author = {Pierce, Benjamin C.},
title = {{Types and Programming Languages}},
publisher = {The MIT Press},
year = {2002}
}

@incollection{norbert08lncs,
author = {Fuchs, Norbert and Kaljurand, Kaarel and Kuhn, Tobias},
title = {{Attempto Controlled English for Knowledge Representation}},
booktitle = {Reasoning Web},
year = {2008},
pages = {104--124},
organization = {University of Zurich Department of Informatics {\&}amp; Institute of Computational Linguistics Switzerland},
publisher = {Springer Berlin / Heidelberg},
}

@mastersthesis{jonssonthomsen10master,
 author = {J\o{}nsson Thomsen, Mikkel},
 title = {{Using Controlled Natural Language for specifying ERP Requirements}},
 year = {2010},
 school = {University of Copenhagen, Department of Computer Science}
}

@article{hvitved11jlap,
author = {Hvitved, Tom and Klaedtke, Felix and Z\u{a}linescu, Eugen},
title = {{A Trace-based Model for Multiparty Contracts}},
journal = {Journal of Logic and Algebraic Programming},
year = {2011},
note = {To appear}
}

@article{mccarthy82tar,
author = {McCarthy, William E.},
title = {{The REA Accounting Model: A Generalized Framework for Accounting Systems in a Shared Data Environment}},
journal = {The Accounting Review},
year = {1982},
volume = {LVII},
number = {3},
pages = {554--578}
}

@article{andersen06sttt,
author = {Andersen, Jesper and Elsborg, Ebbe and Henglein, Fritz and Simonsen, Jakob and Stefansen, Christian},
title = {{Compositional specification of commercial contracts}},
journal = {International Journal on Software Tools for Technology Transfer (STTT)},
year = {2006},
volume = {8},
pages = {485--516},
}

@book{weygandt04book,
 author = {Weygandt, Jerry J. and Kieso, Donald E. and Kimmel, Paul D.},
 title = {Financial Accounting, with Annual Report},
 publisher = {Wiley},
 year = {2004}
}

@techreport{slee07tr,
 author = {Slee, Mark and Agarwal, Aditya and Kwiatkowski, Marc},
 title = {{Thrift: Scalable Cross-Language Services Implementation}},
 year = {2007},
 institution = {Facebook},
 address = {156 University Ave, Palo Alto, CA}
}

@inproceedings{bahr11wgp,
author = {Bahr, Patrick and Hvitved, Tom},
title = {{Compositional Data Types}},
booktitle = {Proceedings of the seventh ACM SIGPLAN workshop on Generic programming},
year = {2011},
pages = {83--94},
publisher = {ACM},
address = {New York, NY, USA}
}

@inproceedings{meijer91fpca,
author = {Meijer, Erik and Fokkinga, Maarten and Paterson, Ross},
title = {{Functional Programming with Bananas, Lenses, Envelopes and Barbed Wire}},
booktitle = {Proceedings of the 5th ACM conference on Functional programming languages and computer architecture},
year = {1991},
pages = {124--144},
publisher = {Springer-Verlag New York, Inc.},
address = {New York, NY, USA}
}

@article{fuh90tcs,
 author = {Fuh, You-Chin and Mishra, Prateek},
 title = {{Type inference with subtypes}},
 journal = {Theoretical Computer Science},
 year = {1990},
 volume = {73},
 number = {2},
 pages = {155--175}
}

@article{ohori95toplas,
author = {Ohori, Atsushi},
title = {{A Polymorphic Record Calculus and Its Compilation}},
journal = {ACM Trans. Program. Lang. Syst.},
year = {1995},
volume = {17},
pages = {844--895},
month = nov
}

@book{bernstein01databases,
author = {Bernstein, Arthur J. and Kifer, Michael},
title = {{Databases and Transaction Processing: An Application-Oriented Approach}},
publisher = {Addison-Wesley Longman Publishing Co., Inc.},
year = {2001},
address = {Boston, MA, USA},
edition = {1st}
}